@article{bib_GSHHS,
  doi = {10.1029/96JB00104},
  year = {1996},
  author = {Wessel, P. and Smith, W. H. F.},
  volume = {101},
  number = {B4},
  journal = {J. Geophys. Res.},
  title = {A global, self-consistent, hierarchical, high-resolution shoreline database},
  pages = {8741--8743}
}

@book{bib_GSL,
  title = {GNU Scientific Library Reference Manual - Third Edition (v1.12)},
  author = {Galassi, M. and Davies, J. and Theiler, J. and Gough, B. and Jungman, G. and Alken, P. and Booth, M. and Rossi, F.}, 
  year = {2009},
  pages = {592},
  publisher = {Network Theory Ltd.},
  url = {http://www.gnu.org/software/gsl/manual/}
}

@techreport{Snyder_1987,
  author = {Snyder, J.P.},
  url = {http://pubs.er.usgs.gov/djvu/PP/pp_1395.djvu},
  pages = {383 pp.},
  year = {1987},
  title = {Map projections--A working manual},
  institution = {U.S. Geological Survey},
  number = {1395}
}

@book{bib_NR,
  title = {Numerical recipes in {C} : the art of scientific computing},
  author = {Press, W.H. and Teukolsky, S.A. and Vetterling, W.T. and Flannery, B.P.},
  publisher = {Cambridge University Press},
  year = {1992},
  edition = {second},
}

@inproceedings{bib_MPFIT,
  author = {Markwardt, C.B.},
  title = {Non-linear Least-squares Fitting in IDL with MPFIT},
  booktitle = {Astronomical Society of the Pacific Conference Series},
  year = {2009},
  series = {Astronomical Society of the Pacific Conference Series},
  volume = {411},
  editor = {Bohlender, D.A. and Durand,D. and Dowler, P.},
  url = {http://cdsads.u-strasbg.fr/abs/2009ASPC..411..251M}
}

@misc{bib_GPL,
  title = {GNU General Public License, version 2},
  url = {http://www.gnu.org/licenses/old-licenses/gpl-2.0.html},
  year = {1991},
  author = {Free Software Fundation}
}

@techreport{bib_CERNcpp,
  url = {http://pst.web.cern.ch/PST/HandBookWorkBook/Handbook/Programming/CodingStandard/c++standard.pdf},
  title = {C++ Coding Standard Specification},
  year = {2000},
  institution = {CERN European Laboratory for Particle Physics},
  author = {Paoli, S.}
}

@book{bib_Python,
  title = {The Python Language Reference Manual},
  url = {http://docs.python.org/reference/},
  author = {van Rossum, Guido and Fred L. Drake, Jr.},
  publisher = {Network Theory Ltd.},
  pages = {144},
  year = {2006}
}

@techreport{bib_Harshey,
  title = {Tables of coordinates for Hershey's repertory of occidental type fonts and graphic symbols. A contribution to computer typesetting techniques.},
  pages = {165},
  author = {Wolcott, N.M. and Hilsenrath, J.},
  number = {424},
  institution = {National Bureau of Standards},
  type = {NBS special publication},
  year = {1975}
}
